@misc{corson2019admission,
  title={Admission control system for satellite-based internet access and transport},
  author={Corson, Mathew Scott},
  year={2019},
  month=dec # "~10",
  publisher={Google Patents},
  note="{US Patent 10,506,437}"
}

@Inbook{henri2020oneweb,
author="Henri, Yvon",
editor="Pelton, Joseph N.",
title="The OneWeb Satellite System",
bookTitle="Handbook of Small Satellites: Technology, Design, Manufacture, Applications, Economics and Regulation",
year="2020",
publisher="Springer International Publishing",
address="Cham",
pages="1--10",
isbn="978-3-030-20707-6",
doi="10.1007/978-3-030-20707-6_67-1"
}

@article{portillo2019technical,
title = {A technical comparison of three low earth orbit satellite constellation systems to provide global broadband},
journal = {Acta Astronautica},
volume = {159},
pages = {123-135},
year = {2019},
issn = {0094-5765},
doi = {10.1016/j.actaastro.2019.03.040},
author = {Inigo {del Portillo} and Bruce G. Cameron and Edward F. Crawley}
}

@misc{worldvu2016loi,
  title        = "{OneWeb LEO K-band NGSO constellation FCC filing SAT-LOI-20160428-00041}",
  author       = "{WorldVu Satellites Limited}",
  year         = 2016,
  month        = apr,
  note         = "Accessed: 2022-12-22",
  url         = {https://licensing.fcc.gov/cgi-bin/ws.exe/prod/ib/forms/reports/swr031b.hts?q_set=V_SITE_ANTENNA_FREQ.file_numberC/File+Number/\%3D/SATLOI2016042800041&prepare=&column=V_SITE_ANTENNA_FREQ.file_numberC/File+Number}
}